@book{Bass2021,
  title={Software Architecture in Practice},
  author={Bass, Len and Clements, Paul and Kazman, Rick},
  year={2021},
  publisher={Addison-Wesley}
}

@misc{SEIBlog,
  title={Tactics and Patterns for Software Robustness},
  howpublished={\url{https://insights.sei.cmu.edu/blog/tactics-and-patterns-for-software-robustness/}},
}

@misc{Oroumand,
  title={قسمت پنجم میکروسرویس‌ها: آشنایی با Service Discovery},
  howpublished={\url{https://virgool.io/@ar.oroumand/قسمت-پنجم-میکروسرویسها-آشنایی-با-service-discovery-c7efxgv8w9sv}},
}
